<record><leader>00000cas a22000007a 4500</leader><controlfield tag="001">15012249</controlfield><controlfield tag="008">861224d18851904iauwr ne      0    0eng d</controlfield><datafield ind1=" " ind2=" " tag="010"><subfield code="a">sn 86060910 </subfield></datafield><datafield ind1=" " ind2=" " tag="040"><subfield code="a">INP</subfield><subfield code="b">eng</subfield><subfield code="c">INP</subfield><subfield code="d">OCLCQ</subfield></datafield><datafield ind1=" " ind2=" " tag="042"><subfield code="a">msc</subfield></datafield><datafield ind1="0" ind2=" " tag="130"><subfield code="a">Chariton Democrat (Chariton, Iowa : 1885)</subfield></datafield><datafield ind1="1" ind2="4" tag="245"><subfield code="a">The Chariton Democrat.</subfield></datafield><datafield ind1="1" ind2="3" tag="246"><subfield code="a">Democrat-leader</subfield><subfield code="f">May 6, 1885</subfield></datafield><datafield ind1=" " ind2=" " tag="260"><subfield code="a">Chariton, Iowa :</subfield><subfield code="b">S.H. Mallory,</subfield><subfield code="c">1885-1904.</subfield></datafield><datafield ind1=" " ind2=" " tag="300"><subfield code="a">20 v. :</subfield><subfield code="b">ill. ;</subfield><subfield code="c">69 cm.</subfield></datafield><datafield ind1=" " ind2=" " tag="310"><subfield code="a">Weekly</subfield></datafield><datafield ind1="0" ind2=" " tag="362"><subfield code="a">Vol. 14, no. 5 (May 6, 1885)-v. 33, no. 13 (Mar. 31, 1904).</subfield></datafield><datafield ind1=" " ind2=" " tag="500"><subfield code="a">Publisher varies.</subfield></datafield><datafield ind1=" " ind2=" " tag="752"><subfield code="a">United States</subfield><subfield code="b">Iowa</subfield><subfield code="c">Lucas</subfield><subfield code="d">Chariton.</subfield></datafield><datafield ind1="0" ind2="0" tag="780"><subfield code="t">Chariton Democrat-leader</subfield><subfield code="w">(DLC)sn 84024497</subfield></datafield><datafield ind1="0" ind2="0" tag="785"><subfield code="t">Chariton leader (Chariton, Iowa : 1904)</subfield><subfield code="w">(DLC)sn 86060907</subfield></datafield></record>